@Article{Ga63,
    Title = {Low-Density Parity-Check Codes},
    Author = {Robert R. Gallager},
    Year = {1963}
}
@Article{TaSc2017,
    Title = {BER comparison between Convolutional, Turbo, LDPC, and Polar codes},
    Author = {Bashar Tahir and Stefan Schwarz and Markus Rupp},
    Jounal = {2017 24th International Conference on Telecommunications (ICT)},
    year = {2017},
    doi = {10.1109/ICT.2017.7998249},
    Month = {May}
} 
@Article{Ta81,
    Title = {A recursive approach to low complexity codes},
    Author = {M. Tanner},
    year = {1981},
    doi = {10.1109/TIT.1981.1056404},
    month = {September}
}
@Artice{RiUr01,
    Title = {Efficient Encoding of Low-Density Parity-Check Codes},
    Author = {Thomas J. Richardson and Rüdiger L. Urbanke},
    Jounal = {IEEE Transactions on Information Theory},
    year = {2001},
    doi = {10.1109/18.910579},
    month = {February}
}
@Article{QiGo07,
    Title = {Low-Complexity Encoding of LDPC Codes: A New Algorithm and its Performance},
    Author = {Hanghang Qi and Norbert Goertz},
    yeat = {2007}
}
@Article{Fo04,
    Author = {M. P. C. Fossorier},
    Jounal = {IEEE Transactions on Information Theory},
    Title = {Quasicyclic low-density parity-check codes from circulant permutation matrices},
    Year = {2004},
    volume = {50},
    number = {8},
    pages = {1788-1793},
    doi = {10.1109/TIT.2004.831841},
    Month = {August}
}
@Article{El55,
    Author = {P. Elias},
    Jounal = {Information Theory, Third London Symposium},
    pager = {61 = 76},
    Year = {1955},
    month = {September}
}
@Article{ZaTu16,
    Author = {S. A. A. Zaidi and A. Tuoheti and M. Martina and G. Masera},
    journal = {IEEE Design Test}, 
    title = {FPGA Accelerator of Algebraic Quasi Cyclic LDPC Codes for nand Flash Memories},
    year = {2016},
    volume = {33},
    number = {6},
    pages = {77-84},
    doi = {10.1109/MDAT.2015.2497322},
    month = {December}
}
@Inproceedings{LiZh17,
    author = {Y. Liu and C. Zhang and P. Song and H. Jiang},
    booktitle = {2017 IEEE 60th International Midwest Symposium on Circuits and Systems (MWSCAS)},
    title = {A high-performance FPGA-based LDPC decoder for solid-state drives},
    year = {2017},
    pages = {1232-1235},
    doi = {10.1109/MWSCAS.2017.8053152},
    month = {August}
}
@Inproceedings{EmEl14,
    author = {A. A. Emran and M. Elsabrouty},
    booktitle = {2014 IEEE 11th Consumer Communications and Networking Conference (CCNC)},
    title = {Simplified variable-scaled min sum LDPC decoder for irregular LDPC codes},
    year = {2014},
    pages = {518-523},
    doi = {10.1109/CCNC.2014.6940497},
    month = {January}
}
@Book{MiMa18,
    author = {Micheloni, Rino and Marelli, A. and Eshghi, Kam},
    title = {Inside Solid State Drives (SSDs)},
    publisher = {Springer},
    year = {2018},
    edition = {2},
    volume = {37},
    doi = {10.1007/978-981-13-0599-3},
    isbn = {9789811305986, 9789811305993}
}
@Artice{WuSo10,
    author = {X. Wu and Y. Song and M. Jiang and C. Zhao},
    journal = {IEEE Communications Letters},
    title = {Adaptive-Normalized/Offset Min-Sum Algorithm},
    year = {2010},
    volume = {14},
    number = {7},
    pages = {667-669},
    doi = {10.1109/LCOMM.2010.07.100508},
    month = {July}
}
@Article{RiTo98,
    author={B. Ricco and G. Torelli and M. Lanzoni and A. Manstretta and H. E. Maes and D. Montanari and A. Modelli}, 
    journal={Proceedings of the IEEE}, 
    title={Nonvolatile multilevel memories for digital applications}, 
    year={1998}, 
    volume={86}, 
    number={12}, 
    pages={2399-2423},
    doi={10.1109/5.735448}, 
    ISSN={0018-9219}, 
    month={December}
}
@Techreport{wey_3ca_1a_0118,
    author={Zheng Liu and Junwen Zhang and Jun Shan Wey},
    key={802.3ca},
    month={January},
    year={2018},
    title={FEC for Upstream: 8K LDPC Code},
    url={http://www.ieee802.org/3/ca/public/meeting_archive/2018/01/wey_3ca_1a_0118.pdf}
}
@manual{ETSI_EN_302_307,
    organization = {ETSI},
    title = {Digital Video Broadcasting (DVB); Second generation framing structure, channelIn: ().
M. Tanner. “A recursive approach to low complexity codes”. In coding and modulation systems for Broadcasting, Interactive Services, News Gathering and other broadband satellite applications (DVB-S2)},
    number = {ETSI EN 302 307},
    year = {2009},
    month = {August},
    note = {V1.2.1}
}
@Article{Ec96,
    author={PIERRE L’ECUYER}, 
    journal={MATHEMATICS OF COMPUTATION}, 
    title={MAXIMALLY EQUIDISTRIBUTED COMBINED TAUSWORTHE GENERATORS}, 
    year={1996}, 
    volume={65}, 
    number={213}, 
    pages={203-213},
    month={January}
}
@Artice{LeVi06,
    author = {Dong-U Lee and John D. Villasenor and Wayne Luk and Philip H. W. Leong},
    journal = {IEEE Transactions on Computers},
    title = {A hardware Gaussian noise generator using the Box-Muller method and its error analysis},
    year = {2006},
    volume = {55},
    number = {6},
    pages = {659-671},
    doi = {10.1109/TC.2006.81}, 
    ISSN = {0018-9340},
    month = {June}
}
@Article{Th14,
    author = {D. B. Thomas}, 
    booktitle = {2014 IEEE 22nd Annual International Symposium on Field-Programmable Custom Computing Machines}, 
    title = {FPGA Gaussian Random Number Generators with Guaranteed Statistical Accuracy}, 
    year = {2014}, 
    pages = {149-156}, 
    doi = {10.1109/FCCM.2014.47}, 
    month = {May},
    url = {http://cas.ee.ic.ac.uk/people/dt10/research/rngs-fpga-normal.html}
} 
@Article{KoYu01,
  title = {Low-Density Parity-Check Codes Based on Finite Geometries: A Rediscovery and New Results},
  author = {Kou, Yu and Lin, Shu and Fossorier, Marc PC},
  journal = {IEEE TRANSACTIONS ON INFORMATION THEORY},
  volume = {47},
  number = {7},
  pages = {2711},
  year = {2001}
}
@Article{FoMi99, 
    author = {Marc P. C. Fossorier and Miodrag Mihaljevic and Hideki Imai}, 
    journal = {IEEE Transactions on Communications}, 
    title = {Reduced complexity iterative decoding of low-density parity check codes based on belief propagation}, 
    year = {1999}, 
    volume = {47}, 
    number = {5}, 
    pages = {673-680}, 
    doi = {10.1109/26.768759}, 
    ISSN = {0090-6778}, 
    month = {May}
}
@article{CaGh17,
  author = {Yu Cai and Saugata Ghose and Erich F. Haratsch and Yixin Luo and Onur Mutlu},
  title = {Errors in Flash-Memory-Based Solid-State Drives: Analysis, Mitigation, and Recovery},
  journal = {CoRR},
  volume = {abs/1711.11427},
  year = {2017},
  url = {http://arxiv.org/abs/1711.11427},
  archivePrefix = {arXiv},
  eprint = {1711.11427},
}
@Article{Sh48,
    author = {C. E. Shannon},
    title = {A Mathematical Theory of Communication},
    journal = {The Bell System Technical Journal},
    volume = {27},
    year = {1948},
    pages = {379-423, 623-656}
}
@Unpublished{YoGa12,
    author = {Jung H. Yoon and Gary A. Tressler},
    title = {Advanced Flash Technology Status, Scaling Trends and Implications to Enterprise SSD Technology Enablement},
    year = {2012},
    month = {August},
    journal = {Flash Memory Summit 2012}
}
